{
    "2013-12-31T15:57:29Z": {
        "gdp": "$23.005 billion",
        "growth": "5.7% ",
        "per capita": "$26,389 ",
        "inflation": "2.1% ",
        "poverty": "27.1% ",
        "gini": "29 ",
        "edbr": "39",
        "labor": "416,900 ",
        "occupations": "8.5%",
        "unemployment": "17.0% ",
        "exports": "$1.889 billion",
        "imports": "$7.716 billion",
        "debt": "15.350 billion",
        "revenue": "40.0% of GDP",
        "expenses": "46.4% of GDP",
        "reserves": "$1.258 billion",
        "country": "Cyprus"
    },
    "2014-12-31T11:54:33Z": {
        "gdp": "$21.827 billion",
        "growth": "2.0% ",
        "per capita": "$24,761 ",
        "inflation": "0.5% ",
        "poverty": "27.8% ",
        "gini": "32.4 ",
        "edbr": "64",
        "labor": "416,900 ",
        "occupations": "8.5%",
        "unemployment": "15.1% ",
        "exports": "$1.889 billion",
        "imports": "$7.716 billion",
        "debt": "18.519 billion",
        "revenue": "36.5% of GDP",
        "expenses": "41.4% of GDP",
        "reserves": "$1.258 billion",
        "country": "Cyprus"
    },
    "2017-12-31T18:10:08Z": {
        "gdp": "$19.810 billion",
        "growth": "3.9% ",
        "per capita": "$23,352 ",
        "inflation": "0.1% ",
        "poverty": "27.7% ",
        "gini": "33.6 ",
        "edbr": "53 ",
        "labor": "356,700 ",
        "occupations": "80.1%",
        "unemployment": "10.3% ",
        "debt": "19.775 billion",
        "balance": "82 million",
        "expenses": "38.3% of GDP",
        "revenue": "38.8% of GDP",
        "reserves": "$1.258 billion",
        "country": "Cyprus"
    },
    "2018-12-31T09:59:54Z": {
        "gdp": "$21.695 billion",
        "growth": "3.6% ",
        "per capita": "$25,380 ",
        "inflation": "3.0% ",
        "poverty": "25.2% ",
        "gini": "30.8 ",
        "edbr": "57 ",
        "labor": "426,600 ",
        "occupations": "81%",
        "unemployment": "8.5% ",
        "current account": "$1.003 billion",
        "debt": "18.725 billion",
        "balance": "344 million",
        "expenses": "38.2% of GDP",
        "revenue": "40.0% of GDP",
        "reserves": "$879.1 million",
        "country": "Cyprus"
    },
    "2020-12-31T23:43:01Z": {
        "population": " 888,005 ",
        "gdp": "$25 billion",
        "growth": "11.9% ",
        "per capita": "$28,049 ",
        "inflation": "0.9% ",
        "poverty": "22.3% ",
        "gini": " 31.1 ",
        "hdi": " 0.873 ",
        "edbr": " 54",
        "labor": " 618,970 ",
        "occupations": "3.8%",
        "unemployment": "7.4% ",
        "exports": "$2.805 billion",
        "imports": "$7.935 billion",
        "current account": "$1.458 billion",
        "debt": "24.412 billion",
        "balance": "327 million",
        "expenses": "40.1% of GDP",
        "revenue": "41.5% of GDP",
        "reserves": "$888.2 million",
        "country": "Cyprus"
    },
    "2021-12-31T12:30:11Z": {
        "population": " 0.9 million",
        "gdp": "$26.546 billion",
        "growth": "12.9% ",
        "per capita": "$29,486 ",
        "inflation": "4.1% ",
        "poverty": "21.3% ",
        "gini": " 29.3 ",
        "hdi": " 0.873 ",
        "edbr": " 54",
        "labor": " 639,143 ",
        "occupations": "3.8%",
        "unemployment": "4.4% ",
        "exports": "$2.805 billion",
        "imports": "$7.935 billion",
        "current account": "$1.458 billion",
        "debt": "24.852 billion",
        "balance": "1.233 billion",
        "expenses": "45.1% of GDP",
        "revenue": "39.4% of GDP",
        "reserves": "$888.2 million",
        "country": "Cyprus"
    },
    "2022-12-31T13:22:39Z": {
        "population": " 0.9 million",
        "gdp": "$26.705 billion",
        "growth": "6.1% ",
        "per capita": "$29,535 ",
        "inflation": "8.7% ",
        "poverty": "17.3% ",
        "gini": " 29.3 ",
        "hdi": " 0.896 ",
        "edbr": " 54",
        "labor": " 631,523 ",
        "occupations": "3.8%",
        "unemployment": "8.6% ",
        "exports": "$2.805 billion",
        "imports": "$7.935 billion",
        "current account": "$1.458 billion",
        "debt": "24.181 billion",
        "balance": "408 billion",
        "expenses": "43.1% of GDP",
        "revenue": "41.4% of GDP",
        "reserves": "$888.2 million",
        "country": "Cyprus"
    },
    "2023-12-31T15:00:06Z": {
        "population": " 0.913 million",
        "gdp": "$30.864 billion",
        "growth": "12.4% ",
        "per capita": "$33,807 ",
        "inflation": "5.8% ",
        "poverty": "17.3% ",
        "gini": " 29.3 ",
        "hdi": " 0.896 ",
        "edbr": " 54",
        "labor": " 655,118 ",
        "occupations": "3.8%",
        "unemployment": "7.3% ",
        "exports": "$5.16 billion",
        "imports": "$14.8 billion",
        "current account": "$1.458 billion",
        "debt": "24.003 billion",
        "balance": "609.5 million",
        "expenses": "10.7667 billion",
        "revenue": "11.3762 billion",
        "reserves": "$888.2 million",
        "country": "Cyprus"
    }
}